% This file was created with JabRef 2.9b2.
% Encoding: ISO8859_1

@inproceedings{Dube2017a,
  title={SegMatch: Segment based place recognition in 3d point clouds},
  author={Dube, Renaud and Dugas, Daniel and Stumm, Elena and Nieto, Juan and Siegwart, Roland and Cadena, Cesar},
  booktitle={IEEE International Conference on Robotics and Automation (ICRA)},
  year={2017},
}
%  pages={5266--5272},

@article{Dube2017b,
  title={An online multi-robot SLAM system for 3D LiDARs},
  author={Renaud Dube and Abel Gawel and Hannes Sommer and Juan I. Nieto and Roland Siegwart and Cesar Cadena},
  journal={EEE/RSJ International Conference on Intelligent Robots and Systems (IROS)},
  year={2017},
}
%  pages={1004-1011}

@article{Dube2018,
  title={Incremental Segment-Based Localization in {3D} Point Clouds},
  author={Dube, Renaud and Gollub, Mattia G and Sommer, Hannes and Gilitschenski, Igor and Siegwart, Roland and Cadena, Cesar and Nieto, Juan},
  journal={IEEE Robotics and Automation Letters},
  year={2018},
}
%  pages={1832--1839},

@article{Dube2019,
author = {Renaud Dube and Andrei Cramariuc and Daniel Dugas and Hannes Sommer and Marcin Dymczyk and Juan Nieto
and Roland Siegwart and Cesar Cadena},
title = {{SegMap}: Segment-based mapping and localization using data-driven descriptors},
journal = {The International Journal of Robotics Research},
year={2019},
}

@article{Glorot2010,
author = {Glorot, Xavier and Bengio, Y.},
year = {2010},
month = {01},
title = {Understanding the difficulty of training deep feedforward neural networks},
journal = {Journal of Machine Learning Research - Proceedings Track}
}
%pages = {249-256},
%volume = {9},

@article{Kingma2014,
  title={Adam: A Method for Stochastic Optimization},
  author={Diederik P. Kingma and Jimmy Ba},
  journal={CoRR},
  year={2014},
}
%  volume={abs/1412.6980}

@inproceedings{Parkhi2015,
  title={Deep Face Recognition},
  author={Omkar M. Parkhi and Andrea Vedaldi and Andrew Zisserman},
  booktitle={BMVC},
  year={2015}
}

@article{Brock2016,
author = {Brock, Andrew and Lim, T. and Ritchie, James and Weston, Nick},
year = {2016},
month = {08},
title = {Generative and Discriminative Voxel Modeling with Convolutional Neural Networks},
journal   = {CoRR},
}

@inproceedings{Gollub2017,
  title={A Partitioned Approach for Efficient Graph – Based Place Recognition},
  author={Mattia G. Gollub and Renaud Dub{\'e} and Hannes Sommer and Igor Gilitschenski and Roland Siegwart},
  year={2017},
  journal={IEEE/RSJ International Conference on Intelligent Robots and Systems (IROS)},
}

@inproceedings{Eppstein2010,
author = {Eppstein, David and Löffler, Maarten and Strash, Darren},
year = {2010},
month = {06},
title = {Listing All Maximal Cliques in Sparse Graphs in Near-Optimal Time},
journal   = {CoRR},
}

@inproceedings{Lee2013,
author = {Lee, Gim and Fraundorfer, Friedrich and Pollefeys, Marc},
year = {2013},
month = {11},
title = {Robust pose-graph loop-closures with expectation-maximization},
journal = {IEEE/RSJ International Conference on Intelligent Robots and Systems},
}
%pages = {556-563},

@article{Kaess2012,
author = {Kaess, Michael and Johannsson, Hordur and Roberts, Richard and Ila, Viorela and Leonard, John and Dellaert, Frank},
year = {2012},
month = {05},
title = {iSAM2: Incremental Smoothing and Mapping Using the Bayes Tree},
journal = {International Journal of Robotic Research - IJRR},
}
%volume = {31},
%pages = {216-235},

%@misc{Merrill2018,
%    title={Lightweight Unsupervised Deep Loop Closure},
%    author={Nate Merrill and Guoquan Huang},
%    year={2018},
%    eprint={1805.07703},
%    archivePrefix={arXiv},
%    primaryClass={cs.RO}
%}

%@INPROCEEDINGS{Dalal2005, 
%author={N. {Dalal} and B. {Triggs}}, 
%booktitle={2005 IEEE Computer Society Conference on Computer Vision and Pattern Recognition (CVPR'05)}, 
%title={Histograms of oriented gradients for human detection}, 
%year={2005}, 
%volume={1}, 
%number={}, 
%pages={886-893 vol. 1}, 
%doi={10.1109/CVPR.2005.177}, 
%ISSN={1063-6919}, 
%month={06},
%}

@Inbook{Stachniss2016,
author="Stachniss, Cyrill",
title="Simultaneous Localization and Mapping",
bookTitle="Handbuch der Geod{\"a}sie: 6 B{\"a}nde",
year="2016",
publisher="Springer Berlin Heidelberg",
pages="1--29",
isbn="978-3-662-46900-2",
}

@book{thrun2005,
  author = {Thrun, Sebastian and Burgard, Wolfram and Fox, Dieter},
  publisher = {MIT Press},
  title = {Probabilistic robotics},  
  isbn = {0-262-20162-3},
  year = 2005
}

@inproceedings{Grisetti2008,
author = {Grisetti, Giorgio and Lodi Rizzini, Dario and Stachniss, Cyrill and Olson, Edwin and Burgard, Wolfram},
year = {2008},
month = {05},
title = {Online constraint network optimization for efficient maximum likelihood map learning},
booktitle={IEEE International Conference on Robotics and Automation}, 
}
%pages = {1880-1885},


@inproceedings{Grisetti2010,
author = {Grisetti, Giorgio and Kümmerle, Rainer and Stachniss, Cyrill and Frese, Udo and Hertzberg, Christoph},
year = {2010},
month = {05},
title = {Hierarchical Optimization on Manifolds for Online 2D and 3D Mapping},
booktitle={IEEE International Conference on Robotics and Automation}, 

}
%pages = {273-278},

@inproceedings{Olson2007,
author = {Olson, Edwin and Leonard, John and Teller, Seth},
year = {2007},
month = {06},
title = {Spatially-Adaptive Learning Rates for Online Incremental SLAM},
booktitle={Robotics: Science and Systems III}, 
}
%  pages={73-80},

%@INPROCEEDINGS{Kaess2011, 
%author={M. {Kaess} and H. {Johannsson} and R. {Roberts} and V. {Ila} and J. {Leonard} and F. {Dellaert}}, 
%booktitle={2011 IEEE International Conference on Robotics and Automation}, 
%title={iSAM2: Incremental smoothing and mapping with fluid relinearization and incremental variable reordering}, 
%year={2011}, 
%volume={}, 
%number={}, 
%pages={3281-3288}, 
%doi={10.1109/ICRA.2011.5979641}, 
%ISSN={1050-4729}, 
%month={05},
%}

@inproceedings{Simon1994,
author = {Simon, D.A. and Hebert, M. and Kanade, Takeo},
year = {1994},
month = {06},
title = {Real-time 3-D pose estimation using a high-speed range sensor},
isbn = {0-8186-5330-2},
booktitle={Proceedings of the 1994 IEEE International Conference on Robotics and Automation}, 
}
%pages = {2235 - 2241 vol.3},

@inproceedings{Rusinkiewicz2001,
author = {Rusinkiewicz, Szymon and Levoy, Marc},
year = {2001},
month = {02},
title = {Efficient Variants of the ICP Algorithm},
isbn = {0-7695-0984-3},
journal = {Efficient Variants of the ICP Algorithm},
}
%pages = {145-152},


@article{Ioffe2015,
author = {Ioffe, Sergey and Szegedy, Christian},
year = {2015},
month = {02},
title = {Batch Normalization: Accelerating Deep Network Training by Reducing Internal Covariate Shift},
journal = {CoRR},
}

@book{Jaehne2012,
  author = {J\"{a}hne, Bernd},
  edition = 7,
  isbn = {978-3-642-04951-4},
  publisher = {Springer Vieweg},
  title = {Digitale Bildverarbeitung},
  year = 2012,
  NOTE         = "S.541-547"
}

@article{Hinton2006,
author = {Hinton, G.E. and Salakhutdinov, R.R.},
year = {2006},
month = {08},
title = {Reducing the Dimensionality of Data with Neural Networks},
journal = {Science (New York, N.Y.)},
}
%pages = {504-7},

@phdthesis{Wilke2002,
          author = {Wilhelm Wilke},
           title = {Segmentierung und Approximation gro{\ss}er Punktwolken},
         address = {Darmstadt},
          school = {Technische Universit{\"a}t},
           month = {09},
            year = {2002},
             url = {http://tuprints.ulb.tu-darmstadt.de/255/}
}

@PhDThesis{Rusu2009, 
author = {Radu Bogdan Rusu}, 
title = {Semantic 3D Object Maps for Everyday Manipulation in Human Living Environments}, 
school = {Computer Science department, Technische Universitaet Muenchen, Germany}, 
year = {2009}, 
month = {10} 
}

@book{Berg2008,
author = {Berg, Mark de and Cheong, Otfried and Kreveld, Marc van and Overmars, Mark},
title = {Computational Geometry: Algorithms and Applications},
year = {2008},
isbn = {3540779736},
publisher = {Springer-Verlag TELOS},
edition = {3rd ed.},
NOTE         = "S.95-111"
}

@book{Klein2005,
  title={Algorithmische Geometrie: Grundlagen, Methoden, Anwendungen},
  author={Klein, R.},
  isbn={9783540209560},
  year={2005},
  publisher={Springer Berlin Heidelberg},,
  NOTE         = "S.126-147"
}

@article{Rabbani2006,
author = {Rabbani, T and Heuvel, F.A. and Vosselman, George},
year = {2006},
month = {01},
title = {Segmentation of point clouds using smoothness constraint},
journal = {International Archives of Photogrammetry, Remote Sensing and Spatial Information Sciences}
}

@article{Pomerleau2013,
author = {Pomerleau, François and Colas, Francis and Siegwart, Roland and Magnenat, Stéphane},
year = {2013},
month = {04},
title = {Comparing ICP variants on real-world data sets},
journal = {Autonomous Robots},
}
%	pages = {133--148},

@MISC{FM2020,
  AUTHOR       = "Forschungsfabrik Mikroelektronik",
  TITLE        = "LiDAR - Lösungen für den Automotive-Bereich und industrielle Anwendungen",
  YEAR         = "2020",
  URL    = "https://www.forschungsfabrik-mikroelektronik.de/de/unser-angebot/anwendungsbereiche/Transport_and_Smart_Mobility/lidar.html",
  NOTE         = "(besucht am 24. Februar 2020)"
}
%NOTE         = "Online erhältlich unter
%                  \url{https://www.forschungsfabrik-mikroelektronik.de/de/unser-angebot/anwendungsbereiche/Transport_and_Smart_Mobility/lidar.html};
%                  abgerufen am 24. Februar 2020."
@MISC{Weber2020,
  AUTHOR       = "Weber, Harald",
  TITLE        = "LiDAR - Lösungen für den Automotive-Bereich und industrielle Anwendungen",
  YEAR         = "2018",
  month 		   = {07},
  URL    = "https://cdn.sick.com/media/docs/3/63/963/Whitepaper_LiDAR_en_IM0079963.PDF",
  NOTE         = "(besucht am 24. Februar 2020)"
}
%NOTE         = "Online erhältlich unter
%                  \url{https://cdn.sick.com/media/docs/3/63/963/Whitepaper_LiDAR_en_IM0079963.PDF};
%                  abgerufen am 24. Februar 2020."

@book{Burger2015,
  author = {Burger, Wilhelm and Burge, Mark James},
  title = {Digitale Bildverarbeitung: Eine algorithmische Einf\"{u}hrung mit Java},
  publisher = {Springer Vieweg},
  isbn = {978-3-642-04603-2},
  year = 2015,
  NOTE         = "S.223-240"
}

@MISC{PCLRG2020,
author ="PCL",
  TITLE        = "Region growing segmentation",
  YEAR         = "2020",
  URL    = "https://pcl-tutorials.readthedocs.io/en/latest/region_growing_segmentation.html",
 NOTE = "(besucht am 14. Mai 2020)"            
}
%NOTE = "Online erhältlich unter
%                  \url{https://pcl-tutorials.readthedocs.io/en/latest/region_growing_segmentation.html};
%      abgerufen am 14. Mai 2020."
      
@MISC{PCLCRG2020,
author ="PCL",
  TITLE        = "Color-based region growing segmentation",
  YEAR         = "2020",
  URL    = "https://pcl-tutorials.readthedocs.io/en/latest/region_growing_rgb_segmentation.html#region-growing-rgb-segmentation",
  NOTE = "(besucht am 14. Mai 2020)"            
 
}
%NOTE = "Online erhältlich unter
%                  \url{https://pcl-tutorials.readthedocs.io/en/latest/region_growing_rgb_segmentation.html#region-growing-rgb-segmentation};
%      abgerufen am 14. Mai 2020."    

@MISC{PCL2020,
author ="PCL",
  TITLE        = "Point Cloud Library",
  YEAR         = "2020",
  URL    = "https://pointclouds.org/",
  NOTE = "(besucht am 20. Mai 2020)"            
  
}
%NOTE = "Online erhältlich unter
%                  \url{https://pointclouds.org/};
%      abgerufen am 20. Mai 2020." 

@MISC{Vogel2013,
  author = {Vogel, Daniel},
  TITLE        = "Hauptkomponentenanalyse",
  YEAR         = "2013",
  MONTH         = {12},
  DAY         = "{03}",
URL    = "https://www.statistik.tu-dortmund.de/~dvogel/Multivariate/Skript/04-Hauptkomponentenanalyse.pdf2,
    NOTE = "(besucht am 14. Mai 2020)"            
}
%NOTE = "Online erhältlich unter
%                  \url{https://www.statistik.tu-dortmund.de/~dvogel/Multivariate/Skript/04-Hauptkomponentenanalyse.pdf};
%      abgerufen am 14. Mai 2020."
      
%@electronic{Bibel2013,
%  author = {Bibel, Wolfgang and Ertel, Wolfgang and Kruse, Rudolf},
%  isbn = {9783834821577 3834821578},
%  publisher = {Springer},
%  title = {Grundkurs Künstliche Intelligenz : Eine praxisorientierte Einführung},
%  url = {https://link.springer.com/chapter/10.1007/978-3-658-13549-2_9},
%  year = 2013
%}

@book{Goodfellow2016,
    title={Deep Learning},
    author={Ian Goodfellow and Yoshua Bengio and Aaron Courville},
    publisher={MIT Press},
    URL = "http://www.deeplearningbook.org",
    year={2016}
  }
  %note={\url{http://www.deeplearningbook.org}},

@MISC{Li2020a,
    author={Li,Fei-Fei and Krishna, Ranjay and Xu, Danfei},
  TITLE        = "Neural Networks Part 1: Setting up the Architecture",
  YEAR         = "2020",
URL    = "https://cs231n.github.io/neural-networks-1/",
     NOTE = "(besucht am 24. Mai 2020)"            

}
%NOTE         = "Online erhältlich unter
%                  \url{https://cs231n.github.io/neural-networks-1/};
%                  abgerufen am 24. Mai 2020."
 %NOTE = "Course: Convolutional Neural Networks for Visual Recognition"

@MISC{Li2020b,
  AUTHOR={Li,Fei-Fei and Krishna, Ranjay and Xu, Danfei},
  TITLE        = "Convolutional Neural Networks: Architectures, Convolution/Pooling Layers",
  YEAR         = "2020",
URL    = "https://cs231n.github.io/convolutional-networks/",
       NOTE = "(besucht am 24. Mai 2020)"            
  
}
%NOTE         = "Online erhältlich unter
%                  \url{https://cs231n.github.io/convolutional-networks/};
%                  abgerufen am 24. Mai 2020."
%NOTE = "Course: Convolutional Neural Networks for Visual Recognition"

@MISC{Saha2018,
    author={Saha, Sumit},
  TITLE        = "A Comprehensive Guide to Convolutional Neural Networks — the ELI5 way",
  YEAR         = "2018",
  MONTH         = {12},
  DAY         = {15},  
URL    = "https://towardsdatascience.com/a-comprehensive-guide-to-convolutional-neural-networks-the-eli5-way-3bd2b1164a53",
         NOTE = "(besucht am 12. April 2020)"            

}
%NOTE         = "Online erhältlich unter
%                  \url{https://towardsdatascience.com/a-comprehensive-guide-to-convolutional-neural-networks-the-eli5-way-3bd2b1164a53};
%                  abgerufen am 12. April 2020.",

@MISC{Bard2019,
    author={Bard, Will},
  TITLE        = "Auto-Encoder: What Is It? And What Is It Used For? (Part 1)",
  YEAR         = "2019",
  MONTH         = {04},
  DAY         = {22},  
URL    = "https://towardsdatascience.com/auto-encoder-what-is-it-and-what-is-it-used-for-part-1-3e5c6f01772",
           NOTE = "(besucht am 12. April 2020)"            
}
%NOTE         = "Online erhältlich unter
%                  \url{https://towardsdatascience.com/auto-encoder-what-is-it-and-what-is-it-used-for-part-1-3e5c6f017726};
%                  abgerufen am 12. April 2020."

@MISC{ROSIND2020,
    author={ROS Industrial Consortium},
  TITLE        = "A Comprehensive List of 3D Sensors Commonly Leveraged in ROS Development",
  YEAR         = "2020",
URL    = "https://rosindustrial.org/3d-camera-survey",
             NOTE = "(besucht am 16. März 2020)"            
}
%NOTE         = "Online erhältlich unter
%                  \url{https://rosindustrial.org/3d-camera-survey};
%                  abgerufen am 16. März 2020."

@InProceedings{Sturm2012,
	author = {J. Sturm and N. Engelhard and F. Endres and W. Burgard and D. Cremers},
	title = "A Benchmark for the Evaluation of RGB-D SLAM Systems",
	booktitle = "Proc. of the International Conference on Intelligent Robot Systems (IROS)",
	year = "2012",
	month= "Oct.",
}

@PhDThesis{Modrow2008, 
author = {Modrow, Daniel}, 
title = {Echtzeitfähige aktive Stereoskopie für technische und biometrische Anwendungen}, 
school = {Technische Universität München}, 
year = {2008}, 
NOTE = "S.25-46",
}

@book{Shao2014,
author = {Shao, Ling and Han, Jungong and Kohli, Pushmeet and Zhang, Zhengyou},
title = {Computer Vision and Machine Learning with RGB-D Sensors},
year = {2014},
isbn = {3319086502},
publisher = {Springer Publishing Company, Incorporated},
  NOTE         = "S.17-24",
}

@MISC{Labbe2019,
    author={Labbe, Mathieu},
  TITLE        = "RTAB-Map",
  YEAR         = "2019",
URL    = "http://introlab.github.io/rtabmap/",
             NOTE = "(besucht am 06. April 2020)"            
}

@MISC{ros2020a,
    author={ROS},
  TITLE        = "ROS",
  YEAR         = "2020",
URL    = "https://www.ros.org/",
             NOTE = "(besucht am 15. Mai 2020)"            
}

@MISC{rviz2015,
    author={ROS},
  TITLE        = "RVIZ User Guide",
  YEAR         = "2015",
URL    = "http://wiki.ros.org/rviz/UserGuide",
             NOTE = "(besucht am 15. Mai 2020)"            
}

@MISC{rostf2017,
    author={ROS},
  TITLE        = "TF Package Summary",
  YEAR         = "2017",
URL    = "http://wiki.ros.org/tf",
             NOTE = "(besucht am 15. Mai 2020)"            
}

@MISC{rosservice2019,
    author={ROS},
  TITLE        = "Services",
  YEAR         = "2019",
URL    = "http://wiki.ros.org/Services",
             NOTE = "(besucht am 15. Mai 2020)"            
}

@MISC{rostopics2019,
    author={ROS},
  TITLE        = "Topics",
  YEAR         = "2019",
URL    = "http://wiki.ros.org/Topics",
             NOTE = "(besucht am 15. Mai 2020)"            
}

@MISC{rosnodes2018,
    author={ROS},
  TITLE        = "Nodes",
  YEAR         = "2018",
URL    = "http://wiki.ros.org/Nodes",
             NOTE = "(besucht am 15. Mai 2020)"            
}

@MISC{rosbags2015,
    author={ROS},
  TITLE        = "Bags",
  YEAR         = "2015",
URL    = "http://wiki.ros.org/Bags",
             NOTE = "(besucht am 15. Mai 2020)"            
}

@MISC{rospackage2019,
    author={ROS},
  TITLE        = "Packages",
  YEAR         = "2019",
URL    = "http://wiki.ros.org/Packages",
             NOTE = "(besucht am 15. Mai 2020)"            
}

@MISC{rosserial2018,
    author={ROS},
  TITLE        = "rosserial_arduino",
  YEAR         = "2018",
URL    = "http://wiki.ros.org/rosserial_arduino",
             NOTE = "(besucht am 15. Mai 2020)"            
}
